
@MastersThesis{KmakMScThesis2009,
	author 	= 	 {Paweł Kmak},
	title 	= 	 {Rozwój systemu sterowania dla robota mobilnego},
	school 	= 	 {Wydział Fizyki i Informatyki Stosowanej},
	year	= 	 {2009}
}

@Misc{website:robotyka-pl,
	author	=	 {dr inż. Tomasz Buratowski},
	title	=	 {Teoria robotyki},
	year	=	 {2010},
	howpublished	= 	{\url{http://www.robotyka.com/teoria\_spis.php}}
}

@Misc{website:monodev-ioports,
	author	=	 {Mono-Project Novell},
	title	=	 {How to System.IO.Ports},
	year	=	 {2010},
	howpublished	= 	{\url{http://www.mono-project.com/HowToSystemIOPorts}}
}

@Book{IntroToAutoMobileRobots,
  author 	= 	 {Roland Siegwart, Illah Reza Nourbakhsh},
  title 	= 	 {Introduction to autonomous mobile robots},
  publisher = 	 {MIT Press},
  year 		= 	 {2004},
}

@Book{SimpleFaceDetectionAlgorithm,
  author 	= 	 {Yao-Jiunn Chen, Yen-Chun Lin},
  title 	= 	 {Simple Face-detection Algorithm Based on Minimum Facial Features},
  publisher = 	 {The 33rd Annual Conference of the IEEE Industrial Electronics Society (IECON)},
  year 		= 	 {2007},
}